

@misc{Articolo1,
author = {Roboflow},
year = {2023},
title = {
Playing Cards Computer Vision Project},
url = {https://universe.roboflow.com/augmented-startups/playing-cards-ow27d}
}

@misc{Articolo2,
author = {Mikhail Shilkov},
year = {2016},
title = {Building a Poker Bot: Card Recognition},
url = {https://mikhail.io/2016/02/building-a-poker-bot-card-recognition/}
}

@misc{Articolo3,
author = {Mark Patrick Roeling},
year = {2017},
title = {Live image recognition on Pokerstars to monitor gameplay (and detect cheating?)},
url = {https://www.linkedin.com/pulse/live-image-recognition-pokerstars-monitor-gameplay-detect-roeling}
}
